% Encoding: UTF-8

@Article{KarPower2010,
  author  = {Thomas Karagiannis and Jean-Yves Le Boudec and Milan Vojnovic},
  title   = {Power Law and Exponential Decay of Intercontact Times between Mobile Devices},
  journal = {IEEE Transactions on Mobile Computing},
  year    = {2010},
  volume  = {9},
  number  = {10},
  pages   = {1377--1390},
  month   = oct
}

@InProceedings{LeeSLAW2009,
  author    = {Kyunghan Lee and Seongik Hong and Seong Joon Kim and Injong Rhee and Song Chong},
  title     = {SLAW: A New Mobility Model for Human Walks},
  booktitle = {Proceedings of IEEE INFOCOM'09},
  year      = {2009},
  pages     = {855--863},
  address   = {Rio de Janeiro, Brazil},
  month     = apr #{ 19--25,}
}

@InProceedings{ChoFriendship2011,
  author        = {Eunjoon Cho and Seth A. Myers and Jure Leskovec},
  title         = {Friendship and mobility: user movement in location-based social networks},
  booktitle     = {Proceedings of the 17th ACM SIGKDD International Conference on Knowledge Discovery and Data Mining (KDD'11)},
  year          = {2011},
  pages         = {1082--1090},
  address       = {San Diego, California, USA}
}

@InProceedings{WhiTemporal2012,
  author        = {Whitbeck, John and Dias de Amorim, Marcelo and Conan, Vania and Guillaume, Jean-Loup},
  title         = {Temporal Reachability Graphs},
  booktitle     = {Proceedings of the 18th Annual International Conference on Mobile Computing and Networking (Mobicom'12)},
  year          = {2012},
  pages         = {377--388}
}
